<?xml version="1.0" encoding="UTF-8"?><collection xmlns="http://www.loc.gov/MARC21/slim"><record><leader>00305nam--2200121-i-4500</leader><controlfield tag="001">000032154</controlfield><controlfield tag="002">20161230</controlfield><controlfield tag="005">20161230201039</controlfield><controlfield tag="008">060222s1000------------r-----000-0-eng-d</controlfield><datafield ind1=" " ind2=" " tag="245"><subfield code="a">Metale si alije neferoase</subfield></datafield><datafield ind1=" " ind2=" " tag="260"><subfield code="a">Bucuresti, Ed.Tehn. 1957. 366p</subfield></datafield><datafield ind1=" " ind2=" " tag="490"><subfield code="a">Biblio.Standard, Seria Tehn.A</subfield></datafield><datafield ind1=" " ind2=" " tag="852"><subfield code="a">4785</subfield></datafield></record></collection>